<?xml version="1.0" encoding="UTF-8"?><record xmlns="http://www.loc.gov/MARC21/slim" xmlns:cinclude="http://apache.org/cocoon/include/1.0" xmlns:zs="http://www.loc.gov/zing/srw/">
  <leader>00614cz  a2200157n  4500</leader>
  <controlfield tag="001">n  87111148 </controlfield>
  <controlfield tag="003">DLC</controlfield>
  <controlfield tag="005">20030401053321.0</controlfield>
  <controlfield tag="008">870715n| acannaabn          |n aaa      </controlfield>
  <datafield tag="010" ind1=" " ind2=" ">
    <subfield code="a">n  87111148 </subfield>
  </datafield>
  <datafield tag="035" ind1=" " ind2=" ">
    <subfield code="a">(OCoLC)oca01896311</subfield>
  </datafield>
  <datafield tag="040" ind1=" " ind2=" ">
    <subfield code="a">DLC</subfield>
    <subfield code="c">DLC</subfield>
    <subfield code="d">DLC</subfield>
    <subfield code="d">MoSW-Mu</subfield>
  </datafield>
  <datafield tag="100" ind1="1" ind2=" ">
    <subfield code="a">Thornton, Barbara</subfield>
  </datafield>
  <datafield tag="670" ind1=" " ind2=" ">
    <subfield code="a">Hildegard, Saint. Symphoniae [SR] p1985:</subfield>
    <subfield code="b">container (Barbara Thornton)</subfield>
  </datafield>
  <datafield tag="670" ind1=" " ind2=" ">
    <subfield code="a">New York Times, Nov. 15, 1998</subfield>
    <subfield code="b">(Barbara Thornton, 48, singer of medieval music; d. Nov. 8, 1998, Cologne, Germany; founded Sequentia; b. Summit, NJ)</subfield>
  </datafield>
  <datafield tag="670" ind1=" " ind2=" ">
    <subfield code="a">The Ratio book, 2001:</subfield>
    <subfield code="b">p. 331 (Barbara Thornton; 1950-1998)</subfield>
  </datafield>
</record>